date,description,category,type,account,amount,balance_checking
2024-01-01,Salary deposit,Income,Income,Checking,4500.0,9500.0
2024-01-02,Transfer to savings goal,Savings Transfer,Transfer,Checking,-675.0,8825.0
2024-01-02,Saved from income,Savings Balance,Savings,Savings,675.0,8825.0
2024-01-03,Student loan monthly payment,Debt Payment,Expense,Checking,-300.0,8525.0
2024-01-05,Monthly insurance bill,Insurance,Expense,Checking,-150.0,8375.0
2024-01-05,Monthly utilities bill,Utilities,Expense,Checking,-200.0,8175.0
2024-01-05,Monthly rent bill,Rent,Expense,Checking,-1500.0,6675.0
2024-01-05,Monthly internet bill,Internet,Expense,Checking,-70.0,6605.0
2024-01-07,Groceries purchase,Groceries,Expense,Checking,-155.99,6449.01
2024-01-07,Entertainment purchase,Entertainment,Expense,Checking,-14.96,6434.05
2024-01-07,Shopping purchase,Shopping,Expense,Checking,-1.48,6432.57
2024-01-08,Miscellaneous purchase,Miscellaneous,Expense,Checking,-11.76,6420.81
2024-01-09,Entertainment purchase,Entertainment,Expense,Checking,-30.68,6390.13
2024-01-09,Dining purchase,Dining,Expense,Checking,-130.21,6259.92
2024-01-09,Healthcare purchase,Healthcare,Expense,Checking,-13.24,6246.68
2024-01-09,Miscellaneous purchase,Miscellaneous,Expense,Checking,-1.72,6244.96
2024-01-10,Miscellaneous purchase,Miscellaneous,Expense,Checking,-20.09,6224.87
2024-01-10,Healthcare purchase,Healthcare,Expense,Checking,-0.19,6224.68
2024-01-10,Healthcare purchase,Healthcare,Expense,Checking,-5.99,6218.69
2024-01-11,Groceries purchase,Groceries,Expense,Checking,-238.26,5980.43
2024-01-12,Shopping purchase,Shopping,Expense,Checking,-74.04,5906.39
2024-01-13,Transportation purchase,Transportation,Expense,Checking,-18.15,5888.24
2024-01-13,Healthcare purchase,Healthcare,Expense,Checking,-3.2,5885.04
2024-01-13,Entertainment purchase,Entertainment,Expense,Checking,-23.32,5861.72
2024-01-14,Entertainment purchase,Entertainment,Expense,Checking,-14.2,5847.52
2024-01-14,Groceries purchase,Groceries,Expense,Checking,-7.09,5840.43
2024-01-14,Groceries purchase,Groceries,Expense,Checking,-20.09,5820.34
2024-01-14,Shopping purchase,Shopping,Expense,Checking,-19.71,5800.63
2024-01-15,Miscellaneous purchase,Miscellaneous,Expense,Checking,-27.53,5773.1
2024-01-15,Groceries purchase,Groceries,Expense,Checking,-20.09,5753.01
2024-01-15,Shopping purchase,Shopping,Expense,Checking,-4.11,5748.9
2024-01-15,Shopping purchase,Shopping,Expense,Checking,-25.32,5723.58
2024-01-17,Shopping purchase,Shopping,Expense,Checking,-2.26,5721.32
2024-01-17,Healthcare purchase,Healthcare,Expense,Checking,-3.77,5717.55
2024-01-18,Miscellaneous purchase,Miscellaneous,Expense,Checking,-6.24,5711.31
2024-01-19,Healthcare purchase,Healthcare,Expense,Checking,-1.65,5709.66
2024-01-19,Miscellaneous purchase,Miscellaneous,Expense,Checking,-0.73,5708.93
2024-01-20,Shopping purchase,Shopping,Expense,Checking,-7.98,5700.95
2024-01-20,Dining purchase,Dining,Expense,Checking,-8.87,5692.08
2024-01-21,Miscellaneous purchase,Miscellaneous,Expense,Checking,-17.75,5674.33
2024-01-21,Shopping purchase,Shopping,Expense,Checking,-1.04,5673.29
2024-01-23,Entertainment purchase,Entertainment,Expense,Checking,-39.03,5634.26
2024-01-24,Transportation purchase,Transportation,Expense,Checking,-7.89,5626.37
2024-01-24,Miscellaneous purchase,Miscellaneous,Expense,Checking,-7.18,5619.19
2024-01-24,Dining purchase,Dining,Expense,Checking,-0.77,5618.42
2024-01-25,Shopping purchase,Shopping,Expense,Checking,-20.55,5597.87
2024-01-25,Dining purchase,Dining,Expense,Checking,-66.4,5531.47
2024-01-26,Miscellaneous purchase,Miscellaneous,Expense,Checking,-1.61,5529.86
2024-01-27,Transportation purchase,Transportation,Expense,Checking,-31.98,5497.88
2024-01-28,Dining purchase,Dining,Expense,Checking,-34.16,5463.72
2024-01-29,Transportation purchase,Transportation,Expense,Checking,-23.96,5439.76
2024-01-29,Transportation purchase,Transportation,Expense,Checking,-80.77,5358.99
2024-01-29,Shopping purchase,Shopping,Expense,Checking,-36.3,5322.69
2024-01-30,Miscellaneous purchase,Miscellaneous,Expense,Checking,-22.11,5300.58
2024-01-30,Dining purchase,Dining,Expense,Checking,-45.76,5254.82
2024-01-30,Groceries purchase,Groceries,Expense,Checking,-108.15,5146.67
2024-01-31,Shopping purchase,Shopping,Expense,Checking,-65.32,5081.35
2024-01-31,Healthcare purchase,Healthcare,Expense,Checking,-0.72,5080.63
2024-02-01,Salary deposit,Income,Income,Checking,4500.0,9580.63
2024-02-02,Saved from income,Savings Balance,Savings,Savings,675.0,9580.63
2024-02-02,Transfer to savings goal,Savings Transfer,Transfer,Checking,-675.0,8905.63
2024-02-03,Student loan monthly payment,Debt Payment,Expense,Checking,-300.0,8605.63
2024-02-05,Monthly internet bill,Internet,Expense,Checking,-70.0,8535.63
2024-02-05,Monthly insurance bill,Insurance,Expense,Checking,-150.0,8385.63
2024-02-05,Monthly utilities bill,Utilities,Expense,Checking,-200.0,8185.63
2024-02-05,Monthly rent bill,Rent,Expense,Checking,-1500.0,6685.63
2024-02-08,Groceries purchase,Groceries,Expense,Checking,-50.41,6635.22
2024-02-08,Shopping purchase,Shopping,Expense,Checking,-114.7,6520.52
2024-02-08,Shopping purchase,Shopping,Expense,Checking,-25.45,6495.07
2024-02-09,Groceries purchase,Groceries,Expense,Checking,-21.25,6473.82
2024-02-09,Entertainment purchase,Entertainment,Expense,Checking,-33.11,6440.71
2024-02-09,Dining purchase,Dining,Expense,Checking,-77.81,6362.9
2024-02-10,Dining purchase,Dining,Expense,Checking,-23.41,6339.49
2024-02-11,Miscellaneous purchase,Miscellaneous,Expense,Checking,-0.55,6338.94
2024-02-11,Miscellaneous purchase,Miscellaneous,Expense,Checking,-10.73,6328.21
2024-02-12,Transportation purchase,Transportation,Expense,Checking,-56.39,6271.82
2024-02-12,Entertainment purchase,Entertainment,Expense,Checking,-1.52,6270.3
2024-02-13,Healthcare purchase,Healthcare,Expense,Checking,-17.2,6253.1
2024-02-13,Healthcare purchase,Healthcare,Expense,Checking,-10.55,6242.55
2024-02-13,Groceries purchase,Groceries,Expense,Checking,-113.7,6128.85
2024-02-13,Entertainment purchase,Entertainment,Expense,Checking,-30.27,6098.58
2024-02-14,Dining purchase,Dining,Expense,Checking,-4.06,6094.52
2024-02-14,Miscellaneous purchase,Miscellaneous,Expense,Checking,-1.23,6093.29
2024-02-14,Transportation purchase,Transportation,Expense,Checking,-74.77,6018.52
2024-02-14,Shopping purchase,Shopping,Expense,Checking,-13.81,6004.71
2024-02-15,Shopping purchase,Shopping,Expense,Checking,-3.86,6000.85
2024-02-15,Transportation purchase,Transportation,Expense,Checking,-3.23,5997.62
2024-02-15,Entertainment purchase,Entertainment,Expense,Checking,-50.51,5947.11
2024-02-15,Miscellaneous purchase,Miscellaneous,Expense,Checking,-1.81,5945.3
2024-02-15,Miscellaneous purchase,Miscellaneous,Expense,Checking,-9.34,5935.96
2024-02-15,Dining purchase,Dining,Expense,Checking,-104.88,5831.08
2024-02-16,Dining purchase,Dining,Expense,Checking,-68.87,5762.21
2024-02-17,Healthcare purchase,Healthcare,Expense,Checking,-13.29,5748.92
2024-02-17,Shopping purchase,Shopping,Expense,Checking,-34.22,5714.7
2024-02-17,Shopping purchase,Shopping,Expense,Checking,-67.86,5646.84
2024-02-18,Entertainment purchase,Entertainment,Expense,Checking,-9.1,5637.74
2024-02-18,Groceries purchase,Groceries,Expense,Checking,-31.71,5606.03
2024-02-18,Entertainment purchase,Entertainment,Expense,Checking,-8.62,5597.41
2024-02-19,Dining purchase,Dining,Expense,Checking,-6.5,5590.91
2024-02-19,Shopping purchase,Shopping,Expense,Checking,-12.51,5578.4
2024-02-19,Transportation purchase,Transportation,Expense,Checking,-11.54,5566.86
2024-02-19,Miscellaneous purchase,Miscellaneous,Expense,Checking,-10.57,5556.29
2024-02-20,Miscellaneous purchase,Miscellaneous,Expense,Checking,-3.39,5552.9
2024-02-21,Miscellaneous purchase,Miscellaneous,Expense,Checking,-7.81,5545.09
2024-02-21,Transportation purchase,Transportation,Expense,Checking,-2.6,5542.49
2024-02-21,Dining purchase,Dining,Expense,Checking,-51.49,5491.0
2024-02-24,Transportation purchase,Transportation,Expense,Checking,-68.82,5422.18
2024-02-24,Miscellaneous purchase,Miscellaneous,Expense,Checking,-2.64,5419.54
2024-02-24,Miscellaneous purchase,Miscellaneous,Expense,Checking,-8.08,5411.46
2024-02-25,Groceries purchase,Groceries,Expense,Checking,-20.4,5391.06
2024-02-25,Healthcare purchase,Healthcare,Expense,Checking,-10.7,5380.36
2024-02-25,Miscellaneous purchase,Miscellaneous,Expense,Checking,-0.03,5380.33
2024-02-26,Groceries purchase,Groceries,Expense,Checking,-25.36,5354.97
2024-02-27,Miscellaneous purchase,Miscellaneous,Expense,Checking,-3.67,5351.3
2024-02-27,Entertainment purchase,Entertainment,Expense,Checking,-28.91,5322.39
2024-02-27,Healthcare purchase,Healthcare,Expense,Checking,-1.34,5321.05
2024-02-27,Groceries purchase,Groceries,Expense,Checking,-2.98,5318.07
2024-02-27,Dining purchase,Dining,Expense,Checking,-21.19,5296.88
2024-02-27,Transportation purchase,Transportation,Expense,Checking,-102.28,5194.6
2024-02-28,Entertainment purchase,Entertainment,Expense,Checking,-2.95,5191.65
2024-02-28,Shopping purchase,Shopping,Expense,Checking,-18.18,5173.47
2024-02-28,Entertainment purchase,Entertainment,Expense,Checking,-23.49,5149.98
2024-02-28,Groceries purchase,Groceries,Expense,Checking,-9.79,5140.19
2024-02-29,Healthcare purchase,Healthcare,Expense,Checking,-6.5,5133.69
2024-02-29,Groceries purchase,Groceries,Expense,Checking,-28.43,5105.26
2024-02-29,Entertainment purchase,Entertainment,Expense,Checking,-14.79,5090.47
2024-03-01,Salary deposit,Income,Income,Checking,4500.0,9590.47
2024-03-02,Transfer to savings goal,Savings Transfer,Transfer,Checking,-675.0,8915.47
2024-03-02,Saved from income,Savings Balance,Savings,Savings,675.0,8915.47
2024-03-03,Student loan monthly payment,Debt Payment,Expense,Checking,-300.0,8615.47
2024-03-05,Monthly internet bill,Internet,Expense,Checking,-70.0,8545.47
2024-03-05,Monthly utilities bill,Utilities,Expense,Checking,-200.0,8345.47
2024-03-05,Monthly rent bill,Rent,Expense,Checking,-1500.0,6845.47
2024-03-05,Monthly insurance bill,Insurance,Expense,Checking,-150.0,6695.47
2024-03-07,Miscellaneous purchase,Miscellaneous,Expense,Checking,-0.0,6695.47
2024-03-07,Healthcare purchase,Healthcare,Expense,Checking,-1.7,6693.77
2024-03-07,Transportation purchase,Transportation,Expense,Checking,-36.09,6657.68
2024-03-07,Entertainment purchase,Entertainment,Expense,Checking,-3.02,6654.66
2024-03-08,Groceries purchase,Groceries,Expense,Checking,-91.23,6563.43
2024-03-08,Miscellaneous purchase,Miscellaneous,Expense,Checking,-0.0,6563.43
2024-03-09,Miscellaneous purchase,Miscellaneous,Expense,Checking,-0.0,6563.43
2024-03-09,Dining purchase,Dining,Expense,Checking,-88.24,6475.19
2024-03-09,Groceries purchase,Groceries,Expense,Checking,-31.05,6444.14
2024-03-10,Shopping purchase,Shopping,Expense,Checking,-7.79,6436.35
2024-03-10,Groceries purchase,Groceries,Expense,Checking,-83.93,6352.42
2024-03-10,Entertainment purchase,Entertainment,Expense,Checking,-2.96,6349.46
2024-03-10,Miscellaneous purchase,Miscellaneous,Expense,Checking,-0.0,6349.46
2024-03-10,Transportation purchase,Transportation,Expense,Checking,-3.82,6345.64
2024-03-11,Groceries purchase,Groceries,Expense,Checking,-73.21,6272.43
2024-03-11,Healthcare purchase,Healthcare,Expense,Checking,-36.48,6235.95
2024-03-11,Groceries purchase,Groceries,Expense,Checking,-7.42,6228.53
2024-03-12,Healthcare purchase,Healthcare,Expense,Checking,-29.55,6198.98
2024-03-12,Transportation purchase,Transportation,Expense,Checking,-8.34,6190.64
2024-03-14,Miscellaneous purchase,Miscellaneous,Expense,Checking,-0.0,6190.64
2024-03-14,Groceries purchase,Groceries,Expense,Checking,-10.53,6180.11
2024-03-14,Miscellaneous purchase,Miscellaneous,Expense,Checking,-0.0,6180.11
2024-03-15,Entertainment purchase,Entertainment,Expense,Checking,-10.94,6169.17
2024-03-15,Transportation purchase,Transportation,Expense,Checking,-28.98,6140.19
2024-03-15,Entertainment purchase,Entertainment,Expense,Checking,-7.33,6132.86
2024-03-16,Shopping purchase,Shopping,Expense,Checking,-2.36,6130.5
2024-03-16,Miscellaneous purchase,Miscellaneous,Expense,Checking,-0.0,6130.5
2024-03-16,Transportation purchase,Transportation,Expense,Checking,-72.84,6057.66
2024-03-18,Miscellaneous purchase,Miscellaneous,Expense,Checking,-0.0,6057.66
2024-03-18,Groceries purchase,Groceries,Expense,Checking,-3.26,6054.4
2024-03-18,Healthcare purchase,Healthcare,Expense,Checking,-5.19,6049.21
2024-03-19,Dining purchase,Dining,Expense,Checking,-65.54,5983.67
2024-03-19,Dining purchase,Dining,Expense,Checking,-4.96,5978.71
2024-03-20,Transportation purchase,Transportation,Expense,Checking,-15.62,5963.09
2024-03-20,Dining purchase,Dining,Expense,Checking,-31.45,5931.64
2024-03-21,Transportation purchase,Transportation,Expense,Checking,-1.68,5929.96
2024-03-22,Groceries purchase,Groceries,Expense,Checking,-18.7,5911.26
2024-03-22,Miscellaneous purchase,Miscellaneous,Expense,Checking,-0.0,5911.26
2024-03-23,Shopping purchase,Shopping,Expense,Checking,-1.92,5909.34
2024-03-23,Shopping purchase,Shopping,Expense,Checking,-18.7,5890.64
2024-03-23,Transportation purchase,Transportation,Expense,Checking,-10.37,5880.27
2024-03-23,Healthcare purchase,Healthcare,Expense,Checking,-4.81,5875.46
2024-03-23,Groceries purchase,Groceries,Expense,Checking,-9.98,5865.48
2024-03-23,Entertainment purchase,Entertainment,Expense,Checking,-1.71,5863.77
2024-03-24,Entertainment purchase,Entertainment,Expense,Checking,-5.0,5858.77
2024-03-24,Entertainment purchase,Entertainment,Expense,Checking,-46.26,5812.51
2024-03-24,Healthcare purchase,Healthcare,Expense,Checking,-14.08,5798.43
2024-03-25,Miscellaneous purchase,Miscellaneous,Expense,Checking,-0.0,5798.43
2024-03-26,Dining purchase,Dining,Expense,Checking,-30.64,5767.79
2024-03-26,Shopping purchase,Shopping,Expense,Checking,-41.18,5726.61
2024-03-26,Dining purchase,Dining,Expense,Checking,-3.53,5723.08
2024-03-27,Shopping purchase,Shopping,Expense,Checking,-43.95,5679.13
2024-03-27,Shopping purchase,Shopping,Expense,Checking,-6.64,5672.49
2024-03-27,Groceries purchase,Groceries,Expense,Checking,-17.58,5654.91
2024-03-28,Dining purchase,Dining,Expense,Checking,-33.58,5621.33
2024-03-28,Entertainment purchase,Entertainment,Expense,Checking,-14.2,5607.13
2024-03-28,Entertainment purchase,Entertainment,Expense,Checking,-12.15,5594.98
2024-03-30,Transportation purchase,Transportation,Expense,Checking,-0.68,5594.3
2024-03-30,Entertainment purchase,Entertainment,Expense,Checking,-15.63,5578.67
2024-03-30,Transportation purchase,Transportation,Expense,Checking,-45.71,5532.96
2024-03-31,Healthcare purchase,Healthcare,Expense,Checking,-18.75,5514.21
2024-03-31,Groceries purchase,Groceries,Expense,Checking,-11.56,5502.65
2024-03-31,Healthcare purchase,Healthcare,Expense,Checking,-13.11,5489.54
2024-03-31,Entertainment purchase,Entertainment,Expense,Checking,-10.9,5478.64
2024-03-31,Entertainment purchase,Entertainment,Expense,Checking,-8.36,5470.28
2024-04-01,Salary deposit,Income,Income,Checking,4500.0,9970.28
2024-04-02,Transfer to savings goal,Savings Transfer,Transfer,Checking,-675.0,9295.28
2024-04-02,Saved from income,Savings Balance,Savings,Savings,675.0,9295.28
2024-04-03,Student loan monthly payment,Debt Payment,Expense,Checking,-300.0,8995.28
2024-04-05,Monthly insurance bill,Insurance,Expense,Checking,-150.0,8845.28
2024-04-05,Monthly internet bill,Internet,Expense,Checking,-70.0,8775.28
2024-04-05,Monthly rent bill,Rent,Expense,Checking,-1500.0,7275.28
2024-04-05,Monthly utilities bill,Utilities,Expense,Checking,-200.0,7075.28
2024-04-07,Transportation purchase,Transportation,Expense,Checking,-24.91,7050.37
2024-04-08,Shopping purchase,Shopping,Expense,Checking,-50.42,6999.95
2024-04-08,Healthcare purchase,Healthcare,Expense,Checking,-5.77,6994.18
2024-04-09,Healthcare purchase,Healthcare,Expense,Checking,-4.52,6989.66
2024-04-09,Transportation purchase,Transportation,Expense,Checking,-7.92,6981.74
2024-04-09,Shopping purchase,Shopping,Expense,Checking,-0.23,6981.51
2024-04-09,Groceries purchase,Groceries,Expense,Checking,-309.09,6672.42
2024-04-10,Miscellaneous purchase,Miscellaneous,Expense,Checking,-4.85,6667.57
2024-04-10,Entertainment purchase,Entertainment,Expense,Checking,-17.26,6650.31
2024-04-11,Miscellaneous purchase,Miscellaneous,Expense,Checking,-1.11,6649.2
2024-04-11,Groceries purchase,Groceries,Expense,Checking,-225.81,6423.39
2024-04-11,Groceries purchase,Groceries,Expense,Checking,-49.75,6373.64
2024-04-12,Dining purchase,Dining,Expense,Checking,-54.5,6319.14
2024-04-13,Dining purchase,Dining,Expense,Checking,-82.79,6236.35
2024-04-13,Miscellaneous purchase,Miscellaneous,Expense,Checking,-13.21,6223.14
2024-04-13,Dining purchase,Dining,Expense,Checking,-20.06,6203.08
2024-04-13,Miscellaneous purchase,Miscellaneous,Expense,Checking,-12.97,6190.11
2024-04-14,Shopping purchase,Shopping,Expense,Checking,-49.13,6140.98
2024-04-14,Miscellaneous purchase,Miscellaneous,Expense,Checking,-22.86,6118.12
2024-04-14,Transportation purchase,Transportation,Expense,Checking,-11.1,6107.02
2024-04-14,Healthcare purchase,Healthcare,Expense,Checking,-9.65,6097.37
2024-04-14,Transportation purchase,Transportation,Expense,Checking,-73.92,6023.45
2024-04-14,Entertainment purchase,Entertainment,Expense,Checking,-13.61,6009.84
2024-04-15,Dining purchase,Dining,Expense,Checking,-11.85,5997.99
2024-04-15,Spring break trip,Travel,Expense,Checking,-1200.0,4797.99
2024-04-15,Healthcare purchase,Healthcare,Expense,Checking,-32.64,4765.35
2024-04-17,Healthcare purchase,Healthcare,Expense,Checking,-22.59,4742.76
2024-04-17,Transportation purchase,Transportation,Expense,Checking,-0.59,4742.17
2024-04-18,Entertainment purchase,Entertainment,Expense,Checking,-44.68,4697.49
2024-04-19,Entertainment purchase,Entertainment,Expense,Checking,-5.61,4691.88
2024-04-20,Dining purchase,Dining,Expense,Checking,-45.89,4645.99
2024-04-20,Miscellaneous purchase,Miscellaneous,Expense,Checking,-13.01,4632.98
2024-04-21,Entertainment purchase,Entertainment,Expense,Checking,-14.02,4618.96
2024-04-21,Entertainment purchase,Entertainment,Expense,Checking,-20.02,4598.94
2024-04-22,Miscellaneous purchase,Miscellaneous,Expense,Checking,-14.71,4584.23
2024-04-22,Groceries purchase,Groceries,Expense,Checking,-30.36,4553.87
2024-04-22,Miscellaneous purchase,Miscellaneous,Expense,Checking,-7.96,4545.91
2024-04-23,Entertainment purchase,Entertainment,Expense,Checking,-31.79,4514.12
2024-04-23,Dining purchase,Dining,Expense,Checking,-17.23,4496.89
2024-04-23,Healthcare purchase,Healthcare,Expense,Checking,-2.2,4494.69
2024-04-24,Miscellaneous purchase,Miscellaneous,Expense,Checking,-9.2,4485.49
2024-04-24,Transportation purchase,Transportation,Expense,Checking,-67.76,4417.73
2024-04-24,Dining purchase,Dining,Expense,Checking,-46.9,4370.83
2024-04-24,Dining purchase,Dining,Expense,Checking,-11.11,4359.72
2024-04-24,Groceries purchase,Groceries,Expense,Checking,-1.44,4358.28
2024-04-25,Miscellaneous purchase,Miscellaneous,Expense,Checking,-1.64,4356.64
2024-04-25,Transportation purchase,Transportation,Expense,Checking,-59.17,4297.47
2024-04-25,Miscellaneous purchase,Miscellaneous,Expense,Checking,-50.23,4247.24
2024-04-25,Transportation purchase,Transportation,Expense,Checking,-4.68,4242.56
2024-04-26,Dining purchase,Dining,Expense,Checking,-60.05,4182.51
2024-04-27,Shopping purchase,Shopping,Expense,Checking,-8.29,4174.22
2024-04-27,Entertainment purchase,Entertainment,Expense,Checking,-10.02,4164.2
2024-04-28,Entertainment purchase,Entertainment,Expense,Checking,-72.5,4091.7
2024-04-29,Dining purchase,Dining,Expense,Checking,-4.3,4087.4
2024-04-29,Shopping purchase,Shopping,Expense,Checking,-39.07,4048.33
2024-04-29,Dining purchase,Dining,Expense,Checking,-13.48,4034.85
2024-04-30,Dining purchase,Dining,Expense,Checking,-36.76,3998.09
2024-04-30,Groceries purchase,Groceries,Expense,Checking,-2.62,3995.47
2024-04-30,Miscellaneous purchase,Miscellaneous,Expense,Checking,-10.4,3985.07
2024-05-01,Salary deposit,Income,Income,Checking,4500.0,8485.07
2024-05-02,Saved from income,Savings Balance,Savings,Savings,675.0,8485.07
2024-05-02,Transfer to savings goal,Savings Transfer,Transfer,Checking,-675.0,7810.07
2024-05-03,Student loan monthly payment,Debt Payment,Expense,Checking,-300.0,7510.07
2024-05-05,Monthly insurance bill,Insurance,Expense,Checking,-150.0,7360.07
2024-05-05,Monthly rent bill,Rent,Expense,Checking,-1500.0,5860.07
2024-05-05,Monthly utilities bill,Utilities,Expense,Checking,-200.0,5660.07
2024-05-05,Monthly internet bill,Internet,Expense,Checking,-70.0,5590.07
2024-05-07,Healthcare purchase,Healthcare,Expense,Checking,-2.25,5587.82
2024-05-08,Miscellaneous purchase,Miscellaneous,Expense,Checking,-24.13,5563.69
2024-05-08,Dining purchase,Dining,Expense,Checking,-15.28,5548.41
2024-05-08,Transportation purchase,Transportation,Expense,Checking,-22.42,5525.99
2024-05-08,Miscellaneous purchase,Miscellaneous,Expense,Checking,-10.93,5515.06
2024-05-08,Miscellaneous purchase,Miscellaneous,Expense,Checking,-0.71,5514.35
2024-05-08,Healthcare purchase,Healthcare,Expense,Checking,-4.1,5510.25
2024-05-09,Shopping purchase,Shopping,Expense,Checking,-4.28,5505.97
2024-05-09,Transportation purchase,Transportation,Expense,Checking,-7.19,5498.78
2024-05-10,Entertainment purchase,Entertainment,Expense,Checking,-10.97,5487.81
2024-05-10,Dining purchase,Dining,Expense,Checking,-81.76,5406.05
2024-05-10,Transportation purchase,Transportation,Expense,Checking,-1.57,5404.48
2024-05-11,Entertainment purchase,Entertainment,Expense,Checking,-30.27,5374.21
2024-05-11,Miscellaneous purchase,Miscellaneous,Expense,Checking,-16.09,5358.12
2024-05-12,Healthcare purchase,Healthcare,Expense,Checking,-1.48,5356.64
2024-05-12,Entertainment purchase,Entertainment,Expense,Checking,-2.38,5354.26
2024-05-12,Shopping purchase,Shopping,Expense,Checking,-0.22,5354.04
2024-05-13,Entertainment purchase,Entertainment,Expense,Checking,-15.64,5338.4
2024-05-13,Entertainment purchase,Entertainment,Expense,Checking,-5.91,5332.49
2024-05-13,Miscellaneous purchase,Miscellaneous,Expense,Checking,-7.49,5325.0
2024-05-13,Healthcare purchase,Healthcare,Expense,Checking,-14.1,5310.9
2024-05-13,Miscellaneous purchase,Miscellaneous,Expense,Checking,-9.25,5301.65
2024-05-14,Transportation purchase,Transportation,Expense,Checking,-43.48,5258.17
2024-05-14,Entertainment purchase,Entertainment,Expense,Checking,-13.69,5244.48
2024-05-14,Shopping purchase,Shopping,Expense,Checking,-1.56,5242.92
2024-05-15,Healthcare purchase,Healthcare,Expense,Checking,-9.78,5233.14
2024-05-16,Healthcare purchase,Healthcare,Expense,Checking,-2.56,5230.58
2024-05-16,Miscellaneous purchase,Miscellaneous,Expense,Checking,-4.84,5225.74
2024-05-17,Entertainment purchase,Entertainment,Expense,Checking,-0.64,5225.1
2024-05-17,Miscellaneous purchase,Miscellaneous,Expense,Checking,-20.69,5204.41
2024-05-18,Groceries purchase,Groceries,Expense,Checking,-157.99,5046.42
2024-05-19,Healthcare purchase,Healthcare,Expense,Checking,-6.21,5040.21
2024-05-19,Healthcare purchase,Healthcare,Expense,Checking,-9.29,5030.92
2024-05-19,Healthcare purchase,Healthcare,Expense,Checking,-1.33,5029.59
2024-05-20,Groceries purchase,Groceries,Expense,Checking,-46.28,4983.31
2024-05-20,Healthcare purchase,Healthcare,Expense,Checking,-24.16,4959.15
2024-05-20,Shopping purchase,Shopping,Expense,Checking,-0.07,4959.08
2024-05-20,Entertainment purchase,Entertainment,Expense,Checking,-7.82,4951.26
2024-05-20,Groceries purchase,Groceries,Expense,Checking,-130.42,4820.84
2024-05-20,Groceries purchase,Groceries,Expense,Checking,-44.99,4775.85
2024-05-21,Healthcare purchase,Healthcare,Expense,Checking,-8.42,4767.43
2024-05-21,Transportation purchase,Transportation,Expense,Checking,-28.85,4738.58
2024-05-21,Transportation purchase,Transportation,Expense,Checking,-21.85,4716.73
2024-05-21,Entertainment purchase,Entertainment,Expense,Checking,-0.67,4716.06
2024-05-21,Groceries purchase,Groceries,Expense,Checking,-103.47,4612.59
2024-05-22,Healthcare purchase,Healthcare,Expense,Checking,-25.64,4586.95
2024-05-24,Entertainment purchase,Entertainment,Expense,Checking,-0.54,4586.41
2024-05-24,Transportation purchase,Transportation,Expense,Checking,-2.64,4583.77
2024-05-24,Transportation purchase,Transportation,Expense,Checking,-30.02,4553.75
2024-05-24,Miscellaneous purchase,Miscellaneous,Expense,Checking,-0.8,4552.95
2024-05-25,Miscellaneous purchase,Miscellaneous,Expense,Checking,-0.25,4552.7
2024-05-27,Dining purchase,Dining,Expense,Checking,-58.84,4493.86
2024-05-27,Dining purchase,Dining,Expense,Checking,-44.84,4449.02
2024-05-27,Transportation purchase,Transportation,Expense,Checking,-23.02,4426.0
2024-05-28,Groceries purchase,Groceries,Expense,Checking,-107.37,4318.63
2024-05-28,Dining purchase,Dining,Expense,Checking,-38.88,4279.75
2024-05-30,Miscellaneous purchase,Miscellaneous,Expense,Checking,-32.9,4246.85
2024-05-30,Entertainment purchase,Entertainment,Expense,Checking,-15.11,4231.74
2024-05-30,Miscellaneous purchase,Miscellaneous,Expense,Checking,-2.1,4229.64
2024-05-31,Shopping purchase,Shopping,Expense,Checking,-0.85,4228.79
2024-06-01,Salary deposit,Income,Income,Checking,4500.0,8728.79
2024-06-02,Saved from income,Savings Balance,Savings,Savings,675.0,8728.79
2024-06-02,Transfer to savings goal,Savings Transfer,Transfer,Checking,-675.0,8053.79
2024-06-03,Student loan monthly payment,Debt Payment,Expense,Checking,-300.0,7753.79
2024-06-05,Monthly utilities bill,Utilities,Expense,Checking,-200.0,7553.79
2024-06-05,Monthly internet bill,Internet,Expense,Checking,-70.0,7483.79
2024-06-05,Monthly rent bill,Rent,Expense,Checking,-1500.0,5983.79
2024-06-05,Monthly insurance bill,Insurance,Expense,Checking,-150.0,5833.79
2024-06-07,Healthcare purchase,Healthcare,Expense,Checking,-3.08,5830.71
2024-06-09,Dining purchase,Dining,Expense,Checking,-142.03,5688.68
2024-06-09,Healthcare purchase,Healthcare,Expense,Checking,-12.34,5676.34
2024-06-09,Transportation purchase,Transportation,Expense,Checking,-32.72,5643.62
2024-06-09,Dining purchase,Dining,Expense,Checking,-6.7,5636.92
2024-06-09,Miscellaneous purchase,Miscellaneous,Expense,Checking,-9.18,5627.74
2024-06-09,Healthcare purchase,Healthcare,Expense,Checking,-15.65,5612.09
2024-06-10,Healthcare purchase,Healthcare,Expense,Checking,-19.51,5592.58
2024-06-10,Entertainment purchase,Entertainment,Expense,Checking,-1.09,5591.49
2024-06-11,Miscellaneous purchase,Miscellaneous,Expense,Checking,-1.09,5590.4
2024-06-11,Shopping purchase,Shopping,Expense,Checking,-2.48,5587.92
2024-06-12,Dining purchase,Dining,Expense,Checking,-67.81,5520.11
2024-06-12,Groceries purchase,Groceries,Expense,Checking,-173.57,5346.54
2024-06-13,Shopping purchase,Shopping,Expense,Checking,-12.21,5334.33
2024-06-14,Shopping purchase,Shopping,Expense,Checking,-1.8,5332.53
2024-06-14,Entertainment purchase,Entertainment,Expense,Checking,-15.96,5316.57
2024-06-14,Miscellaneous purchase,Miscellaneous,Expense,Checking,-26.02,5290.55
2024-06-14,Entertainment purchase,Entertainment,Expense,Checking,-0.4,5290.15
2024-06-15,Shopping purchase,Shopping,Expense,Checking,-2.66,5287.49
2024-06-15,Miscellaneous purchase,Miscellaneous,Expense,Checking,-1.85,5285.64
2024-06-15,Shopping purchase,Shopping,Expense,Checking,-71.02,5214.62
2024-06-16,Miscellaneous purchase,Miscellaneous,Expense,Checking,-2.6,5212.02
2024-06-17,Shopping purchase,Shopping,Expense,Checking,-5.45,5206.57
2024-06-17,Healthcare purchase,Healthcare,Expense,Checking,-0.22,5206.35
2024-06-18,Miscellaneous purchase,Miscellaneous,Expense,Checking,-7.76,5198.59
2024-06-18,Miscellaneous purchase,Miscellaneous,Expense,Checking,-2.97,5195.62
2024-06-19,Entertainment purchase,Entertainment,Expense,Checking,-2.64,5192.98
2024-06-19,Shopping purchase,Shopping,Expense,Checking,-0.46,5192.52
2024-06-20,Transportation purchase,Transportation,Expense,Checking,-68.65,5123.87
2024-06-21,Healthcare purchase,Healthcare,Expense,Checking,-17.32,5106.55
2024-06-21,Healthcare purchase,Healthcare,Expense,Checking,-1.17,5105.38
2024-06-22,Groceries purchase,Groceries,Expense,Checking,-206.41,4898.97
2024-06-23,Miscellaneous purchase,Miscellaneous,Expense,Checking,-9.09,4889.88
2024-06-23,Dining purchase,Dining,Expense,Checking,-145.65,4744.23
2024-06-23,Groceries purchase,Groceries,Expense,Checking,-58.03,4686.2
2024-06-23,Groceries purchase,Groceries,Expense,Checking,-195.71,4490.49
2024-06-25,Entertainment purchase,Entertainment,Expense,Checking,-15.27,4475.22
2024-06-25,Groceries purchase,Groceries,Expense,Checking,-31.41,4443.81
2024-06-25,Healthcare purchase,Healthcare,Expense,Checking,-9.21,4434.6
2024-06-25,Transportation purchase,Transportation,Expense,Checking,-52.53,4382.07
2024-06-26,Healthcare purchase,Healthcare,Expense,Checking,-11.09,4370.98
2024-06-26,Transportation purchase,Transportation,Expense,Checking,-57.06,4313.92
2024-06-26,Dining purchase,Dining,Expense,Checking,-101.05,4212.87
2024-06-28,Shopping purchase,Shopping,Expense,Checking,-81.3,4131.57
2024-06-28,Shopping purchase,Shopping,Expense,Checking,-28.75,4102.82
2024-06-28,Entertainment purchase,Entertainment,Expense,Checking,-28.83,4073.99
2024-06-28,Transportation purchase,Transportation,Expense,Checking,-40.82,4033.17
2024-06-29,Shopping purchase,Shopping,Expense,Checking,-59.0,3974.17
2024-07-01,Salary deposit,Income,Income,Checking,4500.0,8474.17
2024-07-02,Saved from income,Savings Balance,Savings,Savings,675.0,8474.17
2024-07-02,Transfer to savings goal,Savings Transfer,Transfer,Checking,-675.0,7799.17
2024-07-03,Student loan monthly payment,Debt Payment,Expense,Checking,-300.0,7499.17
2024-07-05,Monthly utilities bill,Utilities,Expense,Checking,-200.0,7299.17
2024-07-05,Monthly insurance bill,Insurance,Expense,Checking,-150.0,7149.17
2024-07-05,Monthly rent bill,Rent,Expense,Checking,-1500.0,5649.17
2024-07-05,Monthly internet bill,Internet,Expense,Checking,-70.0,5579.17
2024-07-07,Shopping purchase,Shopping,Expense,Checking,-2.21,5576.96
2024-07-07,Healthcare purchase,Healthcare,Expense,Checking,-4.11,5572.85
2024-07-08,Shopping purchase,Shopping,Expense,Checking,-35.32,5537.53
2024-07-08,Shopping purchase,Shopping,Expense,Checking,-4.52,5533.01
2024-07-08,Miscellaneous purchase,Miscellaneous,Expense,Checking,-19.43,5513.58
2024-07-09,Shopping purchase,Shopping,Expense,Checking,-41.94,5471.64
2024-07-10,Dining purchase,Dining,Expense,Checking,-36.69,5434.95
2024-07-10,Entertainment purchase,Entertainment,Expense,Checking,-43.74,5391.21
2024-07-10,Healthcare purchase,Healthcare,Expense,Checking,-0.76,5390.45
2024-07-10,Entertainment purchase,Entertainment,Expense,Checking,-12.39,5378.06
2024-07-11,Shopping purchase,Shopping,Expense,Checking,-2.48,5375.58
2024-07-11,Miscellaneous purchase,Miscellaneous,Expense,Checking,-67.82,5307.76
2024-07-11,Entertainment purchase,Entertainment,Expense,Checking,-5.05,5302.71
2024-07-12,Healthcare purchase,Healthcare,Expense,Checking,-37.59,5265.12
2024-07-13,Transportation purchase,Transportation,Expense,Checking,-1.84,5263.28
2024-07-13,Transportation purchase,Transportation,Expense,Checking,-26.82,5236.46
2024-07-15,Shopping purchase,Shopping,Expense,Checking,-3.64,5232.82
2024-07-15,Shopping purchase,Shopping,Expense,Checking,-2.57,5230.25
2024-07-15,Entertainment purchase,Entertainment,Expense,Checking,-5.79,5224.46
2024-07-15,Transportation purchase,Transportation,Expense,Checking,-15.32,5209.14
2024-07-15,Entertainment purchase,Entertainment,Expense,Checking,-43.58,5165.56
2024-07-16,Dining purchase,Dining,Expense,Checking,-28.71,5136.85
2024-07-16,Groceries purchase,Groceries,Expense,Checking,-57.78,5079.07
2024-07-17,Transportation purchase,Transportation,Expense,Checking,-29.95,5049.12
2024-07-17,Shopping purchase,Shopping,Expense,Checking,-50.48,4998.64
2024-07-18,Miscellaneous purchase,Miscellaneous,Expense,Checking,-0.33,4998.31
2024-07-20,Shopping purchase,Shopping,Expense,Checking,-3.12,4995.19
2024-07-20,Healthcare purchase,Healthcare,Expense,Checking,-37.19,4958.0
2024-07-21,Healthcare purchase,Healthcare,Expense,Checking,-4.03,4953.97
2024-07-21,Groceries purchase,Groceries,Expense,Checking,-111.01,4842.96
2024-07-23,Transportation purchase,Transportation,Expense,Checking,-11.19,4831.77
2024-07-23,Groceries purchase,Groceries,Expense,Checking,-96.8,4734.97
2024-07-24,Miscellaneous purchase,Miscellaneous,Expense,Checking,-3.38,4731.59
2024-07-24,Dining purchase,Dining,Expense,Checking,-130.33,4601.26
2024-07-24,Healthcare purchase,Healthcare,Expense,Checking,-14.6,4586.66
2024-07-24,Groceries purchase,Groceries,Expense,Checking,-81.27,4505.39
2024-07-24,Healthcare purchase,Healthcare,Expense,Checking,-12.19,4493.2
2024-07-24,Entertainment purchase,Entertainment,Expense,Checking,-8.65,4484.55
2024-07-25,Miscellaneous purchase,Miscellaneous,Expense,Checking,-18.11,4466.44
2024-07-26,Transportation purchase,Transportation,Expense,Checking,-21.45,4444.99
2024-07-26,Groceries purchase,Groceries,Expense,Checking,-58.4,4386.59
2024-07-27,Groceries purchase,Groceries,Expense,Checking,-4.52,4382.07
2024-07-27,Shopping purchase,Shopping,Expense,Checking,-28.18,4353.89
2024-07-27,Shopping purchase,Shopping,Expense,Checking,-2.59,4351.3
2024-07-27,Transportation purchase,Transportation,Expense,Checking,-1.14,4350.16
2024-07-28,Dining purchase,Dining,Expense,Checking,-52.37,4297.79
2024-07-28,Dining purchase,Dining,Expense,Checking,-168.1,4129.69
2024-07-28,Transportation purchase,Transportation,Expense,Checking,-13.11,4116.58
2024-07-29,Miscellaneous purchase,Miscellaneous,Expense,Checking,-15.81,4100.77
2024-07-29,Groceries purchase,Groceries,Expense,Checking,-23.3,4077.47
2024-07-29,Healthcare purchase,Healthcare,Expense,Checking,-25.63,4051.84
2024-07-29,Transportation purchase,Transportation,Expense,Checking,-30.13,4021.71
2024-07-30,Healthcare purchase,Healthcare,Expense,Checking,-4.08,4017.63
2024-07-30,Entertainment purchase,Entertainment,Expense,Checking,-14.53,4003.1
2024-07-31,Shopping purchase,Shopping,Expense,Checking,-35.85,3967.25
2024-08-01,Salary deposit,Income,Income,Checking,4500.0,8467.25
2024-08-02,Transfer to savings goal,Savings Transfer,Transfer,Checking,-675.0,7792.25
2024-08-02,Saved from income,Savings Balance,Savings,Savings,675.0,7792.25
2024-08-03,Student loan monthly payment,Debt Payment,Expense,Checking,-300.0,7492.25
2024-08-05,Monthly insurance bill,Insurance,Expense,Checking,-150.0,7342.25
2024-08-05,Monthly utilities bill,Utilities,Expense,Checking,-200.0,7142.25
2024-08-05,Monthly internet bill,Internet,Expense,Checking,-70.0,7072.25
2024-08-05,Monthly rent bill,Rent,Expense,Checking,-1500.0,5572.25
2024-08-07,Shopping purchase,Shopping,Expense,Checking,-7.92,5564.33
2024-08-07,Miscellaneous purchase,Miscellaneous,Expense,Checking,-9.18,5555.15
2024-08-07,Entertainment purchase,Entertainment,Expense,Checking,-6.01,5549.14
2024-08-08,Miscellaneous purchase,Miscellaneous,Expense,Checking,-6.12,5543.02
2024-08-08,Transportation purchase,Transportation,Expense,Checking,-7.12,5535.9
2024-08-08,Groceries purchase,Groceries,Expense,Checking,-82.43,5453.47
2024-08-08,Groceries purchase,Groceries,Expense,Checking,-11.77,5441.7
2024-08-09,Healthcare purchase,Healthcare,Expense,Checking,-7.43,5434.27
2024-08-10,Miscellaneous purchase,Miscellaneous,Expense,Checking,-1.11,5433.16
2024-08-10,Dining purchase,Dining,Expense,Checking,-0.16,5433.0
2024-08-10,Transportation purchase,Transportation,Expense,Checking,-33.08,5399.92
2024-08-10,Miscellaneous purchase,Miscellaneous,Expense,Checking,-67.09,5332.83
2024-08-11,Groceries purchase,Groceries,Expense,Checking,-11.91,5320.92
2024-08-12,Entertainment purchase,Entertainment,Expense,Checking,-6.55,5314.37
2024-08-12,Entertainment purchase,Entertainment,Expense,Checking,-0.62,5313.75
2024-08-12,Miscellaneous purchase,Miscellaneous,Expense,Checking,-34.89,5278.86
2024-08-12,Entertainment purchase,Entertainment,Expense,Checking,-8.05,5270.81
2024-08-12,Transportation purchase,Transportation,Expense,Checking,-75.52,5195.29
2024-08-13,Shopping purchase,Shopping,Expense,Checking,-17.33,5177.96
2024-08-13,Shopping purchase,Shopping,Expense,Checking,-4.5,5173.46
2024-08-14,Dining purchase,Dining,Expense,Checking,-3.25,5170.21
2024-08-14,Shopping purchase,Shopping,Expense,Checking,-44.18,5126.03
2024-08-14,Transportation purchase,Transportation,Expense,Checking,-11.27,5114.76
2024-08-14,Shopping purchase,Shopping,Expense,Checking,-12.35,5102.41
2024-08-14,Entertainment purchase,Entertainment,Expense,Checking,-40.21,5062.2
2024-08-14,Shopping purchase,Shopping,Expense,Checking,-6.42,5055.78
2024-08-15,Healthcare purchase,Healthcare,Expense,Checking,-0.13,5055.65
2024-08-15,Miscellaneous purchase,Miscellaneous,Expense,Checking,-10.26,5045.39
2024-08-15,Transportation purchase,Transportation,Expense,Checking,-102.67,4942.72
2024-08-15,Miscellaneous purchase,Miscellaneous,Expense,Checking,-35.35,4907.37
2024-08-16,Groceries purchase,Groceries,Expense,Checking,-98.63,4808.74
2024-08-16,Shopping purchase,Shopping,Expense,Checking,-37.79,4770.95
2024-08-17,Shopping purchase,Shopping,Expense,Checking,-1.83,4769.12
2024-08-18,Groceries purchase,Groceries,Expense,Checking,-129.04,4640.08
2024-08-18,Healthcare purchase,Healthcare,Expense,Checking,-0.07,4640.01
2024-08-18,Dining purchase,Dining,Expense,Checking,-44.95,4595.06
2024-08-18,Shopping purchase,Shopping,Expense,Checking,-0.83,4594.23
2024-08-18,Groceries purchase,Groceries,Expense,Checking,-308.31,4285.92
2024-08-19,Shopping purchase,Shopping,Expense,Checking,-11.9,4274.02
2024-08-19,Healthcare purchase,Healthcare,Expense,Checking,-12.01,4262.01
2024-08-19,Transportation purchase,Transportation,Expense,Checking,-11.1,4250.91
2024-08-20,Entertainment purchase,Entertainment,Expense,Checking,-28.26,4222.65
2024-08-20,Miscellaneous purchase,Miscellaneous,Expense,Checking,-32.1,4190.55
2024-08-20,Groceries purchase,Groceries,Expense,Checking,-5.46,4185.09
2024-08-20,Dining purchase,Dining,Expense,Checking,-9.63,4175.46
2024-08-20,Transportation purchase,Transportation,Expense,Checking,-30.0,4145.46
2024-08-21,Shopping purchase,Shopping,Expense,Checking,-9.04,4136.42
2024-08-23,Healthcare purchase,Healthcare,Expense,Checking,-4.58,4131.84
2024-08-24,Dining purchase,Dining,Expense,Checking,-28.46,4103.38
2024-08-24,Healthcare purchase,Healthcare,Expense,Checking,-2.48,4100.9
2024-08-25,Miscellaneous purchase,Miscellaneous,Expense,Checking,-12.11,4088.79
2024-08-26,Miscellaneous purchase,Miscellaneous,Expense,Checking,-38.31,4050.48
2024-08-27,Healthcare purchase,Healthcare,Expense,Checking,-1.3,4049.18
2024-08-28,Dining purchase,Dining,Expense,Checking,-42.39,4006.79
2024-08-28,Transportation purchase,Transportation,Expense,Checking,-79.1,3927.69
2024-08-28,Shopping purchase,Shopping,Expense,Checking,-3.82,3923.87
2024-08-28,Dining purchase,Dining,Expense,Checking,-26.05,3897.82
2024-08-28,Healthcare purchase,Healthcare,Expense,Checking,-0.45,3897.37
2024-08-29,Transportation purchase,Transportation,Expense,Checking,-20.79,3876.58
2024-08-30,Entertainment purchase,Entertainment,Expense,Checking,-9.65,3866.93
2024-08-30,Transportation purchase,Transportation,Expense,Checking,-1.59,3865.34
2024-08-31,Dining purchase,Dining,Expense,Checking,-0.57,3864.77
2024-08-31,Healthcare purchase,Healthcare,Expense,Checking,-5.53,3859.24
2024-09-01,New laptop accessory,Electronics,Expense,Checking,-800.0,3059.24
2024-09-01,Salary deposit,Income,Income,Checking,4500.0,7559.24
2024-09-02,Transfer to savings goal,Savings Transfer,Transfer,Checking,-675.0,6884.24
2024-09-02,Saved from income,Savings Balance,Savings,Savings,675.0,6884.24
2024-09-03,Student loan monthly payment,Debt Payment,Expense,Checking,-300.0,6584.24
2024-09-05,Monthly utilities bill,Utilities,Expense,Checking,-200.0,6384.24
2024-09-05,Monthly rent bill,Rent,Expense,Checking,-1500.0,4884.24
2024-09-05,Monthly internet bill,Internet,Expense,Checking,-70.0,4814.24
2024-09-05,Monthly insurance bill,Insurance,Expense,Checking,-150.0,4664.24
2024-09-07,Dining purchase,Dining,Expense,Checking,-94.77,4569.47
2024-09-07,Healthcare purchase,Healthcare,Expense,Checking,-0.0,4569.47
2024-09-09,Entertainment purchase,Entertainment,Expense,Checking,-68.1,4501.37
2024-09-10,Groceries purchase,Groceries,Expense,Checking,-165.06,4336.31
2024-09-11,Shopping purchase,Shopping,Expense,Checking,-3.83,4332.48
2024-09-13,Shopping purchase,Shopping,Expense,Checking,-7.38,4325.1
2024-09-13,Groceries purchase,Groceries,Expense,Checking,-59.69,4265.41
2024-09-13,Miscellaneous purchase,Miscellaneous,Expense,Checking,-2.41,4263.0
2024-09-15,Groceries purchase,Groceries,Expense,Checking,-51.59,4211.41
2024-09-16,Healthcare purchase,Healthcare,Expense,Checking,-0.0,4211.41
2024-09-16,Transportation purchase,Transportation,Expense,Checking,-1.02,4210.39
2024-09-16,Healthcare purchase,Healthcare,Expense,Checking,-0.0,4210.39
2024-09-16,Shopping purchase,Shopping,Expense,Checking,-5.47,4204.92
2024-09-16,Transportation purchase,Transportation,Expense,Checking,-16.72,4188.2
2024-09-17,Entertainment purchase,Entertainment,Expense,Checking,-4.68,4183.52
2024-09-17,Miscellaneous purchase,Miscellaneous,Expense,Checking,-3.51,4180.01
2024-09-17,Entertainment purchase,Entertainment,Expense,Checking,-45.79,4134.22
2024-09-17,Groceries purchase,Groceries,Expense,Checking,-101.53,4032.69
2024-09-18,Entertainment purchase,Entertainment,Expense,Checking,-26.12,4006.57
2024-09-19,Shopping purchase,Shopping,Expense,Checking,-17.78,3988.79
2024-09-19,Shopping purchase,Shopping,Expense,Checking,-1.21,3987.58
2024-09-19,Healthcare purchase,Healthcare,Expense,Checking,-0.0,3987.58
2024-09-19,Groceries purchase,Groceries,Expense,Checking,-49.93,3937.65
2024-09-20,Entertainment purchase,Entertainment,Expense,Checking,-26.79,3910.86
2024-09-20,Miscellaneous purchase,Miscellaneous,Expense,Checking,-2.4,3908.46
2024-09-20,Shopping purchase,Shopping,Expense,Checking,-15.04,3893.42
2024-09-20,Dining purchase,Dining,Expense,Checking,-10.26,3883.16
2024-09-20,Groceries purchase,Groceries,Expense,Checking,-15.23,3867.93
2024-09-20,Transportation purchase,Transportation,Expense,Checking,-62.25,3805.68
2024-09-21,Miscellaneous purchase,Miscellaneous,Expense,Checking,-7.42,3798.26
2024-09-21,Miscellaneous purchase,Miscellaneous,Expense,Checking,-11.24,3787.02
2024-09-21,Miscellaneous purchase,Miscellaneous,Expense,Checking,-39.75,3747.27
2024-09-23,Groceries purchase,Groceries,Expense,Checking,-7.41,3739.86
2024-09-23,Dining purchase,Dining,Expense,Checking,-62.53,3677.33
2024-09-23,Transportation purchase,Transportation,Expense,Checking,-10.24,3667.09
2024-09-24,Shopping purchase,Shopping,Expense,Checking,-11.61,3655.48
2024-09-24,Healthcare purchase,Healthcare,Expense,Checking,-0.0,3655.48
2024-09-24,Dining purchase,Dining,Expense,Checking,-125.95,3529.53
2024-09-25,Groceries purchase,Groceries,Expense,Checking,-13.91,3515.62
2024-09-25,Miscellaneous purchase,Miscellaneous,Expense,Checking,-2.88,3512.74
2024-09-25,Healthcare purchase,Healthcare,Expense,Checking,-0.0,3512.74
2024-09-26,Miscellaneous purchase,Miscellaneous,Expense,Checking,-2.62,3510.12
2024-09-26,Healthcare purchase,Healthcare,Expense,Checking,-0.0,3510.12
2024-09-26,Groceries purchase,Groceries,Expense,Checking,-32.09,3478.03
2024-09-26,Entertainment purchase,Entertainment,Expense,Checking,-0.95,3477.08
2024-09-27,Miscellaneous purchase,Miscellaneous,Expense,Checking,-17.92,3459.16
2024-09-28,Shopping purchase,Shopping,Expense,Checking,-19.8,3439.36
2024-09-28,Transportation purchase,Transportation,Expense,Checking,-30.14,3409.22
2024-09-28,Shopping purchase,Shopping,Expense,Checking,-22.64,3386.58
2024-09-28,Entertainment purchase,Entertainment,Expense,Checking,-31.51,3355.07
2024-09-28,Entertainment purchase,Entertainment,Expense,Checking,-16.81,3338.26
2024-09-29,Dining purchase,Dining,Expense,Checking,-37.74,3300.52
2024-09-29,Shopping purchase,Shopping,Expense,Checking,-3.25,3297.27
2024-09-30,Transportation purchase,Transportation,Expense,Checking,-85.03,3212.24
2024-09-30,Groceries purchase,Groceries,Expense,Checking,-155.19,3057.05
2024-10-01,Salary deposit,Income,Income,Checking,4500.0,7557.05
2024-10-02,Saved from income,Savings Balance,Savings,Savings,675.0,7557.05
2024-10-02,Transfer to savings goal,Savings Transfer,Transfer,Checking,-675.0,6882.05
2024-10-03,Student loan monthly payment,Debt Payment,Expense,Checking,-300.0,6582.05
2024-10-05,Monthly insurance bill,Insurance,Expense,Checking,-150.0,6432.05
2024-10-05,Monthly utilities bill,Utilities,Expense,Checking,-200.0,6232.05
2024-10-05,Monthly rent bill,Rent,Expense,Checking,-1500.0,4732.05
2024-10-05,Monthly internet bill,Internet,Expense,Checking,-70.0,4662.05
2024-10-07,Dining purchase,Dining,Expense,Checking,-60.55,4601.5
2024-10-08,Dining purchase,Dining,Expense,Checking,-74.26,4527.24
2024-10-08,Healthcare purchase,Healthcare,Expense,Checking,-28.83,4498.41
2024-10-09,Groceries purchase,Groceries,Expense,Checking,-68.58,4429.83
2024-10-09,Entertainment purchase,Entertainment,Expense,Checking,-24.38,4405.45
2024-10-09,Dining purchase,Dining,Expense,Checking,-6.77,4398.68
2024-10-10,Healthcare purchase,Healthcare,Expense,Checking,-20.29,4378.39
2024-10-10,Shopping purchase,Shopping,Expense,Checking,-152.98,4225.41
2024-10-11,Dining purchase,Dining,Expense,Checking,-2.5,4222.91
2024-10-11,Transportation purchase,Transportation,Expense,Checking,-7.73,4215.18
2024-10-11,Miscellaneous purchase,Miscellaneous,Expense,Checking,-8.72,4206.46
2024-10-12,Groceries purchase,Groceries,Expense,Checking,-8.76,4197.7
2024-10-12,Healthcare purchase,Healthcare,Expense,Checking,-5.07,4192.63
2024-10-13,Dining purchase,Dining,Expense,Checking,-28.94,4163.69
2024-10-14,Dining purchase,Dining,Expense,Checking,-47.03,4116.66
2024-10-14,Transportation purchase,Transportation,Expense,Checking,-24.32,4092.34
2024-10-14,Healthcare purchase,Healthcare,Expense,Checking,-14.81,4077.53
2024-10-14,Dining purchase,Dining,Expense,Checking,-20.49,4057.04
2024-10-16,Groceries purchase,Groceries,Expense,Checking,-40.91,4016.13
2024-10-16,Dining purchase,Dining,Expense,Checking,-1.17,4014.96
2024-10-17,Miscellaneous purchase,Miscellaneous,Expense,Checking,-1.72,4013.24
2024-10-19,Transportation purchase,Transportation,Expense,Checking,-13.47,3999.77
2024-10-19,Transportation purchase,Transportation,Expense,Checking,-0.4,3999.37
2024-10-20,Shopping purchase,Shopping,Expense,Checking,-63.09,3936.28
2024-10-20,Entertainment purchase,Entertainment,Expense,Checking,-4.15,3932.13
2024-10-21,Miscellaneous purchase,Miscellaneous,Expense,Checking,-1.15,3930.98
2024-10-21,Healthcare purchase,Healthcare,Expense,Checking,-1.66,3929.32
2024-10-21,Miscellaneous purchase,Miscellaneous,Expense,Checking,-5.7,3923.62
2024-10-21,Entertainment purchase,Entertainment,Expense,Checking,-3.61,3920.01
2024-10-22,Transportation purchase,Transportation,Expense,Checking,-3.14,3916.87
2024-10-22,Groceries purchase,Groceries,Expense,Checking,-39.72,3877.15
2024-10-22,Entertainment purchase,Entertainment,Expense,Checking,-1.11,3876.04
2024-10-23,Healthcare purchase,Healthcare,Expense,Checking,-5.17,3870.87
2024-10-23,Groceries purchase,Groceries,Expense,Checking,-231.28,3639.59
2024-10-23,Groceries purchase,Groceries,Expense,Checking,-19.51,3620.08
2024-10-23,Miscellaneous purchase,Miscellaneous,Expense,Checking,-11.17,3608.91
2024-10-23,Miscellaneous purchase,Miscellaneous,Expense,Checking,-5.56,3603.35
2024-10-24,Healthcare purchase,Healthcare,Expense,Checking,-11.73,3591.62
2024-10-24,Miscellaneous purchase,Miscellaneous,Expense,Checking,-17.28,3574.34
2024-10-25,Entertainment purchase,Entertainment,Expense,Checking,-11.71,3562.63
2024-10-26,Entertainment purchase,Entertainment,Expense,Checking,-5.73,3556.9
2024-10-26,Miscellaneous purchase,Miscellaneous,Expense,Checking,-13.11,3543.79
2024-10-26,Miscellaneous purchase,Miscellaneous,Expense,Checking,-7.14,3536.65
2024-10-27,Transportation purchase,Transportation,Expense,Checking,-8.19,3528.46
2024-10-27,Entertainment purchase,Entertainment,Expense,Checking,-8.18,3520.28
2024-10-28,Groceries purchase,Groceries,Expense,Checking,-38.86,3481.42
2024-10-28,Dining purchase,Dining,Expense,Checking,-34.32,3447.1
2024-10-28,Miscellaneous purchase,Miscellaneous,Expense,Checking,-9.73,3437.37
2024-10-29,Transportation purchase,Transportation,Expense,Checking,-6.69,3430.68
2024-10-29,Healthcare purchase,Healthcare,Expense,Checking,-3.1,3427.58
2024-10-29,Transportation purchase,Transportation,Expense,Checking,-14.84,3412.74
2024-10-30,Miscellaneous purchase,Miscellaneous,Expense,Checking,-10.68,3402.06
2024-10-30,Groceries purchase,Groceries,Expense,Checking,-44.85,3357.21
2024-10-31,Entertainment purchase,Entertainment,Expense,Checking,-29.01,3328.2
2024-10-31,Shopping purchase,Shopping,Expense,Checking,-55.85,3272.35
2024-10-31,Shopping purchase,Shopping,Expense,Checking,-119.3,3153.05
2024-10-31,Shopping purchase,Shopping,Expense,Checking,-22.8,3130.25
2024-10-31,Miscellaneous purchase,Miscellaneous,Expense,Checking,-4.22,3126.03
2024-10-31,Dining purchase,Dining,Expense,Checking,-13.26,3112.77
2024-11-01,Salary deposit,Income,Income,Checking,4500.0,7612.77
2024-11-02,Transfer to savings goal,Savings Transfer,Transfer,Checking,-675.0,6937.77
2024-11-02,Saved from income,Savings Balance,Savings,Savings,675.0,6937.77
2024-11-03,Student loan monthly payment,Debt Payment,Expense,Checking,-300.0,6637.77
2024-11-05,Monthly insurance bill,Insurance,Expense,Checking,-150.0,6487.77
2024-11-05,Monthly rent bill,Rent,Expense,Checking,-1500.0,4987.77
2024-11-05,Monthly internet bill,Internet,Expense,Checking,-70.0,4917.77
2024-11-05,Monthly utilities bill,Utilities,Expense,Checking,-200.0,4717.77
2024-11-07,Shopping purchase,Shopping,Expense,Checking,-4.11,4713.66
2024-11-07,Miscellaneous purchase,Miscellaneous,Expense,Checking,-2.72,4710.94
2024-11-08,Transportation purchase,Transportation,Expense,Checking,-3.31,4707.63
2024-11-09,Transportation purchase,Transportation,Expense,Checking,-7.59,4700.04
2024-11-09,Dining purchase,Dining,Expense,Checking,-62.56,4637.48
2024-11-11,Entertainment purchase,Entertainment,Expense,Checking,-3.84,4633.64
2024-11-11,Entertainment purchase,Entertainment,Expense,Checking,-20.28,4613.36
2024-11-11,Entertainment purchase,Entertainment,Expense,Checking,-2.86,4610.5
2024-11-12,Groceries purchase,Groceries,Expense,Checking,-17.26,4593.24
2024-11-14,Entertainment purchase,Entertainment,Expense,Checking,-5.41,4587.83
2024-11-14,Dining purchase,Dining,Expense,Checking,-5.35,4582.48
2024-11-14,Miscellaneous purchase,Miscellaneous,Expense,Checking,-1.24,4581.24
2024-11-14,Groceries purchase,Groceries,Expense,Checking,-19.81,4561.43
2024-11-14,Dining purchase,Dining,Expense,Checking,-72.42,4489.01
2024-11-15,Groceries purchase,Groceries,Expense,Checking,-8.7,4480.31
2024-11-15,Groceries purchase,Groceries,Expense,Checking,-34.92,4445.39
2024-11-15,Miscellaneous purchase,Miscellaneous,Expense,Checking,-24.44,4420.95
2024-11-15,Dining purchase,Dining,Expense,Checking,-3.36,4417.59
2024-11-15,Dining purchase,Dining,Expense,Checking,-2.13,4415.46
2024-11-16,Healthcare purchase,Healthcare,Expense,Checking,-7.11,4408.35
2024-11-16,Dining purchase,Dining,Expense,Checking,-30.46,4377.89
2024-11-17,Miscellaneous purchase,Miscellaneous,Expense,Checking,-4.07,4373.82
2024-11-17,Transportation purchase,Transportation,Expense,Checking,-54.15,4319.67
2024-11-17,Dining purchase,Dining,Expense,Checking,-47.52,4272.15
2024-11-17,Dining purchase,Dining,Expense,Checking,-19.81,4252.34
2024-11-18,Healthcare purchase,Healthcare,Expense,Checking,-8.55,4243.79
2024-11-19,Healthcare purchase,Healthcare,Expense,Checking,-5.75,4238.04
2024-11-19,Entertainment purchase,Entertainment,Expense,Checking,-7.66,4230.38
2024-11-19,Shopping purchase,Shopping,Expense,Checking,-64.38,4166.0
2024-11-19,Shopping purchase,Shopping,Expense,Checking,-19.98,4146.02
2024-11-19,Miscellaneous purchase,Miscellaneous,Expense,Checking,-28.68,4117.34
2024-11-20,Shopping purchase,Shopping,Expense,Checking,-0.92,4116.42
2024-11-20,Transportation purchase,Transportation,Expense,Checking,-47.31,4069.11
2024-11-20,Healthcare purchase,Healthcare,Expense,Checking,-35.56,4033.55
2024-11-20,Transportation purchase,Transportation,Expense,Checking,-58.68,3974.87
2024-11-20,Transportation purchase,Transportation,Expense,Checking,-21.19,3953.68
2024-11-20,Miscellaneous purchase,Miscellaneous,Expense,Checking,-15.45,3938.23
2024-11-21,Transportation purchase,Transportation,Expense,Checking,-40.82,3897.41
2024-11-21,Dining purchase,Dining,Expense,Checking,-9.1,3888.31
2024-11-21,Groceries purchase,Groceries,Expense,Checking,-21.49,3866.82
2024-11-21,Groceries purchase,Groceries,Expense,Checking,-11.17,3855.65
2024-11-22,Groceries purchase,Groceries,Expense,Checking,-18.23,3837.42
2024-11-22,Shopping purchase,Shopping,Expense,Checking,-12.67,3824.75
2024-11-22,Miscellaneous purchase,Miscellaneous,Expense,Checking,-3.62,3821.13
2024-11-22,Miscellaneous purchase,Miscellaneous,Expense,Checking,-33.35,3787.78
2024-11-23,Groceries purchase,Groceries,Expense,Checking,-77.36,3710.42
2024-11-24,Healthcare purchase,Healthcare,Expense,Checking,-23.8,3686.62
2024-11-24,Transportation purchase,Transportation,Expense,Checking,-10.43,3676.19
2024-11-24,Groceries purchase,Groceries,Expense,Checking,-28.18,3648.01
2024-11-24,Dining purchase,Dining,Expense,Checking,-14.59,3633.42
2024-11-25,Shopping purchase,Shopping,Expense,Checking,-16.01,3617.41
2024-11-25,Shopping purchase,Shopping,Expense,Checking,-5.45,3611.96
2024-11-27,Dining purchase,Dining,Expense,Checking,-9.47,3602.49
2024-11-27,Groceries purchase,Groceries,Expense,Checking,-236.28,3366.21
2024-11-29,Entertainment purchase,Entertainment,Expense,Checking,-9.79,3356.42
2024-11-29,Shopping purchase,Shopping,Expense,Checking,-23.23,3333.19
2024-11-29,Dining purchase,Dining,Expense,Checking,-35.97,3297.22
2024-11-30,Groceries purchase,Groceries,Expense,Checking,-29.38,3267.84
2024-12-01,Salary deposit,Income,Income,Checking,4500.0,7767.84
2024-12-02,Saved from income,Savings Balance,Savings,Savings,675.0,7767.84
2024-12-02,Transfer to savings goal,Savings Transfer,Transfer,Checking,-675.0,7092.84
2024-12-03,Student loan monthly payment,Debt Payment,Expense,Checking,-300.0,6792.84
2024-12-05,Monthly insurance bill,Insurance,Expense,Checking,-150.0,6642.84
2024-12-05,Monthly rent bill,Rent,Expense,Checking,-1500.0,5142.84
2024-12-05,Monthly utilities bill,Utilities,Expense,Checking,-200.0,4942.84
2024-12-05,Monthly internet bill,Internet,Expense,Checking,-70.0,4872.84
2024-12-07,Groceries purchase,Groceries,Expense,Checking,-110.43,4762.41
2024-12-07,Transportation purchase,Transportation,Expense,Checking,-0.9,4761.51
2024-12-07,Healthcare purchase,Healthcare,Expense,Checking,-42.09,4719.42
2024-12-07,Healthcare purchase,Healthcare,Expense,Checking,-10.69,4708.73
2024-12-08,Entertainment purchase,Entertainment,Expense,Checking,-11.95,4696.78
2024-12-09,Transportation purchase,Transportation,Expense,Checking,-7.55,4689.23
2024-12-09,Dining purchase,Dining,Expense,Checking,-30.35,4658.88
2024-12-09,Shopping purchase,Shopping,Expense,Checking,-59.54,4599.34
2024-12-10,Miscellaneous purchase,Miscellaneous,Expense,Checking,-2.1,4597.24
2024-12-11,Dining purchase,Dining,Expense,Checking,-50.67,4546.57
2024-12-11,Miscellaneous purchase,Miscellaneous,Expense,Checking,-8.2,4538.37
2024-12-11,Groceries purchase,Groceries,Expense,Checking,-57.62,4480.75
2024-12-12,Groceries purchase,Groceries,Expense,Checking,-9.45,4471.3
2024-12-13,Healthcare purchase,Healthcare,Expense,Checking,-52.28,4419.02
2024-12-13,Miscellaneous purchase,Miscellaneous,Expense,Checking,-9.18,4409.84
2024-12-13,Entertainment purchase,Entertainment,Expense,Checking,-42.81,4367.03
2024-12-14,Shopping purchase,Shopping,Expense,Checking,-72.39,4294.64
2024-12-14,Healthcare purchase,Healthcare,Expense,Checking,-52.61,4242.03
2024-12-14,Miscellaneous purchase,Miscellaneous,Expense,Checking,-12.41,4229.62
2024-12-15,Transportation purchase,Transportation,Expense,Checking,-59.29,4170.33
2024-12-15,Transportation purchase,Transportation,Expense,Checking,-9.87,4160.46
2024-12-15,Entertainment purchase,Entertainment,Expense,Checking,-36.09,4124.37
2024-12-17,Entertainment purchase,Entertainment,Expense,Checking,-6.21,4118.16
2024-12-17,Entertainment purchase,Entertainment,Expense,Checking,-1.89,4116.27
2024-12-18,Shopping purchase,Shopping,Expense,Checking,-49.7,4066.57
2024-12-19,Transportation purchase,Transportation,Expense,Checking,-20.15,4046.42
2024-12-19,Entertainment purchase,Entertainment,Expense,Checking,-14.91,4031.51
2024-12-19,Groceries purchase,Groceries,Expense,Checking,-26.24,4005.27
2024-12-20,Transportation purchase,Transportation,Expense,Checking,-4.35,4000.92
2024-12-20,Dining purchase,Dining,Expense,Checking,-5.83,3995.09
2024-12-20,Holiday gifts,Gifts,Expense,Checking,-900.0,3095.09
2024-12-21,Entertainment purchase,Entertainment,Expense,Checking,-15.05,3080.04
2024-12-21,Dining purchase,Dining,Expense,Checking,-10.68,3069.36
2024-12-21,Groceries purchase,Groceries,Expense,Checking,-88.73,2980.63
2024-12-22,Miscellaneous purchase,Miscellaneous,Expense,Checking,-3.04,2977.59
2024-12-22,Transportation purchase,Transportation,Expense,Checking,-36.01,2941.58
2024-12-24,Groceries purchase,Groceries,Expense,Checking,-23.4,2918.18
2024-12-25,Groceries purchase,Groceries,Expense,Checking,-30.45,2887.73
2024-12-25,Groceries purchase,Groceries,Expense,Checking,-89.31,2798.42
2024-12-25,Miscellaneous purchase,Miscellaneous,Expense,Checking,-25.06,2773.36
2024-12-26,Groceries purchase,Groceries,Expense,Checking,-38.99,2734.37
2024-12-27,Dining purchase,Dining,Expense,Checking,-15.4,2718.97
2024-12-27,Shopping purchase,Shopping,Expense,Checking,-14.48,2704.49
2024-12-28,Miscellaneous purchase,Miscellaneous,Expense,Checking,-4.45,2700.04
2024-12-28,Groceries purchase,Groceries,Expense,Checking,-24.91,2675.13
2024-12-30,Groceries purchase,Groceries,Expense,Checking,-9.41,2665.72
2024-12-30,Transportation purchase,Transportation,Expense,Checking,-22.3,2643.42
2024-12-31,Shopping purchase,Shopping,Expense,Checking,-4.05,2639.37
2024-12-31,Transportation purchase,Transportation,Expense,Checking,-25.58,2613.79
2024-12-31,Transportation purchase,Transportation,Expense,Checking,-41.07,2572.72
2024-12-31,Healthcare purchase,Healthcare,Expense,Checking,-6.67,2566.05
